<record><leader>00000cas a22000007a 4500</leader><controlfield tag="001">12198682</controlfield><controlfield tag="008">850625d19041978utuwr ne      0    0eng d</controlfield><datafield ind1=" " ind2=" " tag="010"><subfield code="a">sn 85058154 </subfield></datafield><datafield ind1=" " ind2=" " tag="040"><subfield code="a">UNP</subfield><subfield code="b">eng</subfield><subfield code="c">UNP</subfield><subfield code="d">OCL</subfield><subfield code="d">UBY</subfield><subfield code="d">OCLCQ</subfield><subfield code="d">OCLCF</subfield><subfield code="d">OCLCO</subfield></datafield><datafield ind1="1" ind2=" " tag="029"><subfield code="a">AU@</subfield><subfield code="b">000025806264</subfield></datafield><datafield ind1=" " ind2=" " tag="042"><subfield code="a">msc</subfield></datafield><datafield ind1=" " ind2=" " tag="043"><subfield code="a">n-us-ut</subfield></datafield><datafield ind1="0" ind2=" " tag="130"><subfield code="a">Weekly reflex (Kaysville, Utah)</subfield></datafield><datafield ind1="1" ind2="4" tag="245"><subfield code="a">The Weekly reflex.</subfield></datafield><datafield ind1=" " ind2=" " tag="260"><subfield code="a">Kaysville, Utah :</subfield><subfield code="b">W.P. Epperson &amp; Son</subfield></datafield><datafield ind1=" " ind2=" " tag="300"><subfield code="a">v. :</subfield><subfield code="b">ill.</subfield></datafield><datafield ind1=" " ind2=" " tag="310"><subfield code="a">Weekly</subfield></datafield><datafield ind1="1" ind2=" " tag="362"><subfield code="a">Began in 1904.</subfield><subfield code="z">Cf. Alter, J.C. Early Utah journalism.</subfield></datafield><datafield ind1="0" ind2=" " tag="362"><subfield code="a">-v. 80, no. 28 (Sept. 28, 1978).</subfield></datafield><datafield ind1=" " ind2=" " tag="500"><subfield code="a">Local office moved from Kaysville to Layton, Utah with Jan. 23, 1975 issue.</subfield></datafield><datafield ind1=" " ind2=" " tag="500"><subfield code="a">Printed in Bountiful, Utah at the office of: Davis County clipper, Jan. 7, 1965-Sept. 28, 1978.</subfield></datafield><datafield ind1=" " ind2=" " tag="525"><subfield code="a">Extra published Nov. 11, 1918.</subfield></datafield><datafield ind1=" " ind2=" " tag="525"><subfield code="a">Special "Censored edition" published Oct. 1, 1942.</subfield></datafield><datafield ind1=" " ind2=" " tag="525"><subfield code="a">Many issues include supplements.</subfield></datafield><datafield ind1=" " ind2=" " tag="588"><subfield code="a">Description based on: Vol. 9, no. 16 (Apr. 3, 1913).</subfield></datafield><datafield ind1=" " ind2="0" tag="651"><subfield code="a">Kaysville (Utah)</subfield><subfield code="v">Newspapers.</subfield></datafield><datafield ind1=" " ind2="0" tag="651"><subfield code="a">Davis County (Utah)</subfield><subfield code="v">Newspapers.</subfield></datafield><datafield ind1=" " ind2="7" tag="655"><subfield code="a">Newspapers.</subfield><subfield code="2">fast</subfield><subfield code="0">(OCoLC)fst01423814</subfield></datafield><datafield ind1=" " ind2="7" tag="651"><subfield code="a">Utah</subfield><subfield code="z">Davis County.</subfield><subfield code="2">fast</subfield><subfield code="0">(OCoLC)fst01218126</subfield></datafield><datafield ind1=" " ind2="7" tag="651"><subfield code="a">Utah</subfield><subfield code="z">Kaysville.</subfield><subfield code="2">fast</subfield><subfield code="0">(OCoLC)fst01232385</subfield></datafield><datafield ind1=" " ind2=" " tag="752"><subfield code="a">United States</subfield><subfield code="b">Utah</subfield><subfield code="c">Davis</subfield><subfield code="d">Kaysville.</subfield></datafield><datafield ind1=" " ind2=" " tag="752"><subfield code="a">United States</subfield><subfield code="b">Utah</subfield><subfield code="c">Davis</subfield><subfield code="d">Layton.</subfield></datafield><datafield ind1=" " ind2=" " tag="752"><subfield code="a">United States</subfield><subfield code="b">Utah</subfield><subfield code="c">Davis</subfield><subfield code="d">Bountiful.</subfield></datafield><datafield ind1="0" ind2="0" tag="785"><subfield code="t">Kaysville weekly reflex</subfield><subfield code="w">(DLC)sn 83007472</subfield><subfield code="w">(OCoLC)9421170</subfield></datafield><datafield ind1="1" ind2=" " tag="787"><subfield code="t">Davis County clipper</subfield><subfield code="w">(DLC)sn 85058089</subfield><subfield code="w">(OCoLC)11930754</subfield></datafield></record>